<?xml version="1.0" encoding="UTF-8" standalone="no"?>
<?xml-stylesheet type="text/xsl" href="/webservices/catalog/xsl/searchRetrieveResponse.xsl"?>

<searchRetrieveResponse xmlns="http://www.loc.gov/zing/srw/" xmlns:oclcterms="http://purl.org/oclc/terms/" xmlns:dc="http://purl.org/dc/elements/1.1/" xmlns:diag="http://www.loc.gov/zing/srw/diagnostic/" xmlns:xsi="http://www.w3.org/2001/XMLSchema-instance">
<version>1.1</version>
<numberOfRecords>34489</numberOfRecords>
<records>
<record>
<recordSchema>info:srw/schema/1/marcxml</recordSchema>
<recordPacking>xml</recordPacking>
<recordData>
<record xmlns="http://www.loc.gov/MARC21/slim">
    <leader>00000cam a22000004a 4500</leader>
    <controlfield tag="001">65167033</controlfield>
    <controlfield tag="008">060320s2005    su       b    000 0 ara d</controlfield>
    <controlfield tag="009">729</controlfield>
    <datafield ind1=" " ind2=" " tag="010">
      <subfield code="a">  2006307058</subfield>
    </datafield>
    <datafield ind1=" " ind2=" " tag="040">
      <subfield code="a">IUL</subfield>
      <subfield code="c">IUL</subfield>
      <subfield code="d">DLC</subfield>
    </datafield>
    <datafield ind1=" " ind2=" " tag="066">
      <subfield code="c">(3</subfield>
    </datafield>
    <datafield ind1=" " ind2=" " tag="042">
      <subfield code="a">lccopycat</subfield>
      <subfield code="a">lcode</subfield>
    </datafield>
    <datafield ind1=" " ind2=" " tag="043">
      <subfield code="a">ma-----</subfield>
      <subfield code="a">n-us---</subfield>
    </datafield>
    <datafield ind1="0" ind2="0" tag="050">
      <subfield code="a">JC585</subfield>
      <subfield code="b">.H483 2005</subfield>
    </datafield>
    <datafield ind1="1" ind2=" " tag="100">
      <subfield code="6">880-01</subfield>
      <subfield code="a">Hirfī, Muḥammad ibn ʻAlī.</subfield>
    </datafield>
    <datafield ind1="1" ind2="0" tag="245">
      <subfield code="6">880-02</subfield>
      <subfield code="a">Ḥuqūq al-insān bayna al-ʻArab wa-al-Amrīkān /</subfield>
      <subfield code="c">taʼlīf Muḥammad ibn ʻAlī al-Hirfī.</subfield>
    </datafield>
    <datafield ind1=" " ind2=" " tag="250">
      <subfield code="6">880-03</subfield>
      <subfield code="a">al-Ṭabʻah 1.</subfield>
    </datafield>
    <datafield ind1=" " ind2=" " tag="260">
      <subfield code="6">880-04</subfield>
      <subfield code="a">al-Iḥsāʼ, al-Saʻūdīyah :</subfield>
      <subfield code="b">Maktabat Dār al-Maʻālim al-Thaqāfīyah,</subfield>
      <subfield code="c">2005.</subfield>
    </datafield>
    <datafield ind1=" " ind2=" " tag="300">
      <subfield code="a">199 p. ;</subfield>
      <subfield code="c">20 cm.</subfield>
    </datafield>
    <datafield ind1=" " ind2=" " tag="504">
      <subfield code="a">Includes bibliographical references (p. 195-198).</subfield>
    </datafield>
    <datafield ind1=" " ind2=" " tag="520">
      <subfield code="a">Human rights; Arab countries; world politics; influences.</subfield>
    </datafield>
    <datafield ind1=" " ind2="0" tag="650">
      <subfield code="a">Human rights.</subfield>
    </datafield>
    <datafield ind1=" " ind2="0" tag="650">
      <subfield code="a">Human rights</subfield>
      <subfield code="x">Religious aspects</subfield>
      <subfield code="x">Islam.</subfield>
    </datafield>
    <datafield ind1=" " ind2="0" tag="651">
      <subfield code="a">Arab countries</subfield>
      <subfield code="x">Foreign relations</subfield>
      <subfield code="z">United States.</subfield>
    </datafield>
    <datafield ind1=" " ind2="0" tag="651">
      <subfield code="a">United States</subfield>
      <subfield code="x">Foreign relations</subfield>
      <subfield code="z">Arab countries.</subfield>
    </datafield>
    <datafield ind1=" " ind2="0" tag="650">
      <subfield code="a">International relations</subfield>
      <subfield code="x">Moral and ethical aspects.</subfield>
    </datafield>
    <datafield ind1="4" ind2="1" tag="856">
      <subfield code="3">Table of contents only</subfield>
      <subfield code="u">http://www.loc.gov/catdir/toc/mena0901/2006307058.html</subfield>
    </datafield>
    <datafield ind1="1" ind2=" " tag="880">
      <subfield code="6">100-01/(3/r</subfield>
      <subfield code="a">هرفي، محمد بن علي.</subfield>
    </datafield>
    <datafield ind1="1" ind2="0" tag="880">
      <subfield code="6">245-02/(3/r</subfield>
      <subfield code="a">حقوق الإنسان بين العرب والأمريكان /</subfield>
      <subfield code="c">تأليف محمد بن علي الهرفي.</subfield>
    </datafield>
    <datafield ind1=" " ind2=" " tag="880">
      <subfield code="6">250-03/(3/r</subfield>
      <subfield code="a">الطبعة 1.</subfield>
    </datafield>
    <datafield ind1=" " ind2=" " tag="880">
      <subfield code="6">260-04/(3/r</subfield>
      <subfield code="a">الإحساء، السعودية :</subfield>
      <subfield code="b">مكتبة دار المعالم الثقافية،</subfield>
      <subfield code="c">2005.</subfield>
    </datafield>
  </record>
</recordData>
</record>