
<record>
<recordSchema>info:srw/schema/1/marcxml</recordSchema>
<recordPacking>xml</recordPacking>
<recordData>
<record xmlns="http://www.loc.gov/MARC21/slim">
    <leader>00000cam a2200000Ma 4500</leader>
    <controlfield tag="001">75970815</controlfield>
    <controlfield tag="008">061113s2004    bu            000 0 bul d</controlfield>
    <datafield ind1=" " ind2=" " tag="040">
      <subfield code="a">EVIEW</subfield>
      <subfield code="b">eng</subfield>
      <subfield code="c">EVIEW</subfield>
      <subfield code="d">NLM</subfield>
      <subfield code="d">OCLCQ</subfield>
    </datafield>
    <datafield ind1="7" ind2=" " tag="016">
      <subfield code="a">101291916</subfield>
      <subfield code="2">DNLM</subfield>
    </datafield>
    <datafield ind1=" " ind2=" " tag="020">
      <subfield code="a">9546497371</subfield>
    </datafield>
    <datafield ind1=" " ind2=" " tag="020">
      <subfield code="a">9789546497376</subfield>
    </datafield>
    <datafield ind1="0" ind2=" " tag="029">
      <subfield code="a">EVIEW</subfield>
      <subfield code="b">761354B</subfield>
    </datafield>
    <datafield ind1="1" ind2=" " tag="029">
      <subfield code="a">NLM</subfield>
      <subfield code="b">101291916</subfield>
    </datafield>
    <datafield ind1="0" ind2="0" tag="060">
      <subfield code="a">2006 M-347</subfield>
    </datafield>
    <datafield ind1="1" ind2="0" tag="060">
      <subfield code="a">WB 60</subfield>
    </datafield>
    <datafield ind1="1" ind2=" " tag="100">
      <subfield code="a">Radanov, Stoĭcho.</subfield>
    </datafield>
    <datafield ind1="0" ind2="0" tag="245">
      <subfield code="a">Medit︠s︡inska deontologii︠a︡ /</subfield>
      <subfield code="c">Stoĭcho Radanov.</subfield>
    </datafield>
    <datafield ind1=" " ind2=" " tag="260">
      <subfield code="a">Sofii︠a︡ :</subfield>
      <subfield code="b">Siela,</subfield>
      <subfield code="c">2004.</subfield>
    </datafield>
    <datafield ind1=" " ind2=" " tag="300">
      <subfield code="a">597 p. ;</subfield>
      <subfield code="c">22 cm.</subfield>
    </datafield>
    <datafield ind1=" " ind2=" " tag="546">
      <subfield code="a">In Bulgarian.</subfield>
    </datafield>
    <datafield ind1="0" ind2="4" tag="650">
      <subfield code="a">Bulgaria.</subfield>
    </datafield>
    <datafield ind1="0" ind2="4" tag="650">
      <subfield code="a">Examination.  Diagnosis.</subfield>
    </datafield>
    <datafield ind1="0" ind2="4" tag="650">
      <subfield code="a">Medicine.</subfield>
    </datafield>
    <datafield ind1="1" ind2="2" tag="650">
      <subfield code="a">Ethics, Clinical.</subfield>
    </datafield>
    <datafield ind1="2" ind2="2" tag="650">
      <subfield code="a">Ethical Theory.</subfield>
    </datafield>
    <datafield ind1=" " ind2=" " tag="938">
      <subfield code="a">East View Information Services</subfield>
      <subfield code="b">EAST</subfield>
      <subfield code="n">761354B</subfield>
    </datafield>
  </record>
</recordData>
</record>