
<record>
<recordSchema>info:srw/schema/1/marcxml</recordSchema>
<recordPacking>xml</recordPacking>
<recordData>
<record xmlns="http://www.loc.gov/MARC21/slim">
    <leader>00000cam a2200000Ma 4500</leader>
    <controlfield tag="001">70478427</controlfield>
    <controlfield tag="008">930505r19851935cc            000 0 chi d</controlfield>
    <datafield ind1=" " ind2=" " tag="040">
      <subfield code="a">UAB</subfield>
      <subfield code="c">UAB</subfield>
      <subfield code="d">OCLCG</subfield>
    </datafield>
    <datafield ind1=" " ind2="3" tag="055">
      <subfield code="a">AC149</subfield>
      <subfield code="b">.T882 1985 v.2986</subfield>
    </datafield>
    <datafield ind1="1" ind2=" " tag="100">
      <subfield code="a">Huang, Tingjian,</subfield>
      <subfield code="d">1045-1105.</subfield>
    </datafield>
    <datafield ind1="1" ind2="0" tag="245">
      <subfield code="a">Shih ta fu shih shih wu kuan /</subfield>
      <subfield code="c">Huang Tʻing-chien chu.  Shan yu wen / Chʻen Lu pien.  Chʻi ssu chen chʻüan / Yüan Huang pien. So-lo-kuan chʻing yen : cheng hsü / Tʻu Lung chu.  Ou tʻan / Li Ting chu.  Nai su hsüan hsin yüeh fu / Shen Tʻing chu.</subfield>
    </datafield>
    <datafield ind1=" " ind2=" " tag="250">
      <subfield code="a">Pei-ching hsin 1 pan.</subfield>
    </datafield>
    <datafield ind1=" " ind2=" " tag="260">
      <subfield code="a">Pei-ching :</subfield>
      <subfield code="b">Chung-hua shu chü,</subfield>
      <subfield code="c">1985.</subfield>
    </datafield>
    <datafield ind1=" " ind2=" " tag="300">
      <subfield code="a">[104] p. ;</subfield>
      <subfield code="c">19 cm.</subfield>
    </datafield>
    <datafield ind1=" " ind2="0" tag="440">
      <subfield code="a">Tsʻung shu chi chʻeng chʻu pien ;</subfield>
      <subfield code="v">2986</subfield>
    </datafield>
    <datafield ind1=" " ind2=" " tag="500">
      <subfield code="a">Reprint.</subfield>
    </datafield>
    <datafield ind1=" " ind2="0" tag="650">
      <subfield code="a">Health behavior</subfield>
      <subfield code="z">China.</subfield>
    </datafield>
    <datafield ind1=" " ind2="0" tag="650">
      <subfield code="a">Ethics</subfield>
      <subfield code="z">China.</subfield>
    </datafield>
    <datafield ind1=" " ind2="0" tag="650">
      <subfield code="a">Animal welfare</subfield>
      <subfield code="z">China</subfield>
      <subfield code="x">Moral and ethical aspects.</subfield>
    </datafield>
    <datafield ind1=" " ind2="0" tag="650">
      <subfield code="a">Food habits</subfield>
      <subfield code="x">Social aspects</subfield>
      <subfield code="z">China.</subfield>
    </datafield>
    <datafield ind1="1" ind2="2" tag="700">
      <subfield code="a">Chʻen, Lu.</subfield>
      <subfield code="t">Shan yu wen.</subfield>
    </datafield>
    <datafield ind1="1" ind2="2" tag="700">
      <subfield code="a">Yüan, Liao-fan,</subfield>
      <subfield code="d">1533-1606.</subfield>
      <subfield code="t">Chʻi ssu chen chʻüan.</subfield>
    </datafield>
    <datafield ind1="1" ind2="2" tag="700">
      <subfield code="a">Tʻu, Lung,</subfield>
      <subfield code="d">1542-1605.</subfield>
      <subfield code="t">So-lo-kuan chʻing yen.</subfield>
    </datafield>
    <datafield ind1="1" ind2="2" tag="700">
      <subfield code="a">Li, Ting,</subfield>
      <subfield code="d">chü jen 1588.</subfield>
      <subfield code="t">Ou tʻan.</subfield>
    </datafield>
    <datafield ind1="1" ind2="2" tag="700">
      <subfield code="a">Shen, Tʻing.</subfield>
      <subfield code="t">Nai su hsüan hsin yüeh fu.</subfield>
    </datafield>
    <datafield ind1="0" ind2="1" tag="740">
      <subfield code="a">Shi da fu shi shi wu guan.</subfield>
    </datafield>
    <datafield ind1="0" ind2="1" tag="740">
      <subfield code="a">Shan you wen.</subfield>
    </datafield>
    <datafield ind1="0" ind2="1" tag="740">
      <subfield code="a">Qi si zhen quan.</subfield>
    </datafield>
    <datafield ind1="0" ind2="1" tag="740">
      <subfield code="a">Suo-luo-guan qing yan.</subfield>
    </datafield>
    <datafield ind1="0" ind2="1" tag="740">
      <subfield code="a">Nai su xuan xin yue fu.</subfield>
    </datafield>
  </record>
</recordData>
</record>