
<record>
<recordSchema>info:srw/schema/1/marcxml</recordSchema>
<recordPacking>xml</recordPacking>
<recordData>
<record xmlns="http://www.loc.gov/MARC21/slim">
    <leader>00000cam a2200000 a 4500</leader>
    <controlfield tag="001">72806804</controlfield>
    <controlfield tag="008">080128s2006    cc       b    000 0 chi  </controlfield>
    <datafield ind1=" " ind2=" " tag="010">
      <subfield code="a">  2007350711</subfield>
    </datafield>
    <datafield ind1=" " ind2=" " tag="040">
      <subfield code="a">DLC</subfield>
      <subfield code="c">DLC</subfield>
      <subfield code="d">HLS</subfield>
      <subfield code="d">NLM</subfield>
      <subfield code="d">OCLCQ</subfield>
    </datafield>
    <datafield ind1=" " ind2=" " tag="066">
      <subfield code="c">$1</subfield>
    </datafield>
    <datafield ind1="7" ind2=" " tag="016">
      <subfield code="a">101462159</subfield>
      <subfield code="2">DNLM</subfield>
    </datafield>
    <datafield ind1=" " ind2=" " tag="020">
      <subfield code="a">7801909798</subfield>
    </datafield>
    <datafield ind1=" " ind2=" " tag="020">
      <subfield code="a">9787801909794</subfield>
    </datafield>
    <datafield ind1="1" ind2=" " tag="029">
      <subfield code="a">NLM</subfield>
      <subfield code="b">101462159</subfield>
    </datafield>
    <datafield ind1="1" ind2=" " tag="029">
      <subfield code="a">AU@</subfield>
      <subfield code="b">000040472443</subfield>
    </datafield>
    <datafield ind1="0" ind2=" " tag="041">
      <subfield code="a">chi</subfield>
      <subfield code="f">eng</subfield>
    </datafield>
    <datafield ind1=" " ind2=" " tag="043">
      <subfield code="a">a-cc---</subfield>
    </datafield>
    <datafield ind1="0" ind2="0" tag="050">
      <subfield code="a">RA643.86.C6</subfield>
      <subfield code="b">W36 2006</subfield>
    </datafield>
    <datafield ind1="0" ind2="0" tag="060">
      <subfield code="a">2007 J-286</subfield>
    </datafield>
    <datafield ind1="1" ind2="0" tag="060">
      <subfield code="a">WC 503.6</subfield>
    </datafield>
    <datafield ind1="1" ind2=" " tag="100">
      <subfield code="6">880-01</subfield>
      <subfield code="a">Wang, Yanguang.</subfield>
    </datafield>
    <datafield ind1="1" ind2="0" tag="245">
      <subfield code="6">880-02</subfield>
      <subfield code="a">Ai zi bing yu fang zheng ce yu lun li =</subfield>
      <subfield code="b">A study on Chinese AIDS preventive policy and ethical issues /</subfield>
      <subfield code="c">Wang Yanguang zhu.</subfield>
    </datafield>
    <datafield ind1="3" ind2="1" tag="246">
      <subfield code="a">Study on Chinese AIDS preventive policy and ethical issues</subfield>
    </datafield>
    <datafield ind1=" " ind2=" " tag="250">
      <subfield code="6">880-03</subfield>
      <subfield code="a">Di 1 ban.</subfield>
    </datafield>
    <datafield ind1=" " ind2=" " tag="260">
      <subfield code="6">880-04</subfield>
      <subfield code="a">Beijing Shi :</subfield>
      <subfield code="b">She hui ke xue wen xian chu ban she,</subfield>
      <subfield code="c">2006.</subfield>
    </datafield>
    <datafield ind1=" " ind2=" " tag="300">
      <subfield code="a">4, 6, 314 p. ;</subfield>
      <subfield code="c">21 cm.</subfield>
    </datafield>
    <datafield ind1=" " ind2=" " tag="546">
      <subfield code="a">Table of contents also in English.</subfield>
    </datafield>
    <datafield ind1=" " ind2=" " tag="504">
      <subfield code="a">Includes bibliographical references (p. 298-314).</subfield>
    </datafield>
    <datafield ind1=" " ind2="0" tag="650">
      <subfield code="a">AIDS (Disease)</subfield>
      <subfield code="z">China.</subfield>
    </datafield>
    <datafield ind1=" " ind2="0" tag="650">
      <subfield code="a">AIDS (Disease)</subfield>
      <subfield code="z">China</subfield>
      <subfield code="x">Prevention.</subfield>
    </datafield>
    <datafield ind1=" " ind2="0" tag="650">
      <subfield code="a">Social values</subfield>
      <subfield code="z">China.</subfield>
    </datafield>
    <datafield ind1="1" ind2="2" tag="650">
      <subfield code="a">Acquired Immunodeficiency Syndrome</subfield>
      <subfield code="x">prevention &amp; control</subfield>
      <subfield code="z">China.</subfield>
    </datafield>
    <datafield ind1="2" ind2="2" tag="650">
      <subfield code="a">Ethics, Medical</subfield>
      <subfield code="z">China.</subfield>
    </datafield>
    <datafield ind1="2" ind2="2" tag="650">
      <subfield code="a">Health Policy</subfield>
      <subfield code="z">China.</subfield>
    </datafield>
    <datafield ind1="1" ind2=" " tag="880">
      <subfield code="6">100-01/$1</subfield>
      <subfield code="a">王延光.</subfield>
    </datafield>
    <datafield ind1="1" ind2="0" tag="880">
      <subfield code="6">245-02/$1</subfield>
      <subfield code="a">艾滋病预防政策与伦理 =</subfield>
      <subfield code="b">A study on Chinese AIDS preventive policy and ethical issues /</subfield>
      <subfield code="c">王延光著.</subfield>
    </datafield>
    <datafield ind1=" " ind2=" " tag="880">
      <subfield code="6">250-03/$1</subfield>
      <subfield code="a">第1版.</subfield>
    </datafield>
    <datafield ind1=" " ind2=" " tag="880">
      <subfield code="6">260-04/$1</subfield>
      <subfield code="a">北京市 :</subfield>
      <subfield code="b">社会科学文献出版社,</subfield>
      <subfield code="c">2006.</subfield>
    </datafield>
  </record>
</recordData>
</record>