
<record>
<recordSchema>info:srw/schema/1/marcxml</recordSchema>
<recordPacking>xml</recordPacking>
<recordData>
<record xmlns="http://www.loc.gov/MARC21/slim">
    <leader>00000nam a2200000Ma 4500</leader>
    <controlfield tag="001">45034421</controlfield>
    <controlfield tag="008">000519s2000    xr a   e      001 0 cze d</controlfield>
    <controlfield tag="009">20497</controlfield>
    <datafield ind1=" " ind2=" " tag="040">
      <subfield code="a">LGP</subfield>
      <subfield code="b">cze</subfield>
      <subfield code="c">LGP</subfield>
    </datafield>
    <datafield ind1=" " ind2=" " tag="020">
      <subfield code="a">8072620347 (váz.)</subfield>
    </datafield>
    <datafield ind1=" " ind2=" " tag="020">
      <subfield code="a">9788072620340 (váz.)</subfield>
    </datafield>
    <datafield ind1="0" ind2=" " tag="029">
      <subfield code="a">LGP</subfield>
      <subfield code="b">cpk20000964767</subfield>
    </datafield>
    <datafield ind1=" " ind2="7" tag="072">
      <subfield code="a">61</subfield>
      <subfield code="x">Lékařské vědy. Lékařství</subfield>
      <subfield code="2">Konspekt</subfield>
    </datafield>
    <datafield ind1=" " ind2=" " tag="080">
      <subfield code="a">(048.8)</subfield>
    </datafield>
    <datafield ind1=" " ind2=" " tag="080">
      <subfield code="a">616-036.88</subfield>
    </datafield>
    <datafield ind1=" " ind2=" " tag="080">
      <subfield code="a">616-036.887</subfield>
    </datafield>
    <datafield ind1=" " ind2=" " tag="080">
      <subfield code="a">616-093.75</subfield>
    </datafield>
    <datafield ind1=" " ind2=" " tag="080">
      <subfield code="a">614.253</subfield>
    </datafield>
    <datafield ind1="1" ind2=" " tag="100">
      <subfield code="a">Haškovcová, Helena,</subfield>
      <subfield code="d">1945-.</subfield>
    </datafield>
    <datafield ind1="1" ind2="0" tag="245">
      <subfield code="a">Thanatologie :</subfield>
      <subfield code="b">nauka o umírání a smrti /</subfield>
      <subfield code="c">Helena Haškovcová</subfield>
    </datafield>
    <datafield ind1=" " ind2=" " tag="250">
      <subfield code="a">1. vyd.</subfield>
    </datafield>
    <datafield ind1=" " ind2=" " tag="260">
      <subfield code="a">Praha :</subfield>
      <subfield code="b">Galén,</subfield>
      <subfield code="c">c2000</subfield>
    </datafield>
    <datafield ind1=" " ind2=" " tag="300">
      <subfield code="a">191 s. :</subfield>
      <subfield code="b">barev. il. ;</subfield>
      <subfield code="c">23 cm</subfield>
    </datafield>
    <datafield ind1=" " ind2=" " tag="504">
      <subfield code="a">Obsahuje bibliografii a rejstřík</subfield>
    </datafield>
    <datafield ind1="0" ind2="7" tag="650">
      <subfield code="a">Paliativní péče</subfield>
      <subfield code="2">czenas</subfield>
    </datafield>
    <datafield ind1="0" ind2="7" tag="650">
      <subfield code="a">Lékařská etika</subfield>
      <subfield code="2">czenas</subfield>
    </datafield>
    <datafield ind1="0" ind2="7" tag="650">
      <subfield code="a">Tanatologie</subfield>
      <subfield code="2">czenas</subfield>
    </datafield>
    <datafield ind1="0" ind2="7" tag="650">
      <subfield code="a">Smrt</subfield>
      <subfield code="2">czenas</subfield>
    </datafield>
    <datafield ind1="0" ind2="7" tag="650">
      <subfield code="a">Umírání</subfield>
      <subfield code="2">czenas</subfield>
    </datafield>
    <datafield ind1="0" ind2="7" tag="650">
      <subfield code="a">Medical ethics</subfield>
      <subfield code="2">czenas</subfield>
    </datafield>
    <datafield ind1="0" ind2="7" tag="650">
      <subfield code="a">Thanatology</subfield>
      <subfield code="2">czenas</subfield>
    </datafield>
    <datafield ind1=" " ind2="7" tag="655">
      <subfield code="a">Monografie</subfield>
      <subfield code="2">czenas</subfield>
    </datafield>
  </record>
</recordData>
</record>