
<record>
<recordSchema>info:srw/schema/1/marcxml</recordSchema>
<recordPacking>xml</recordPacking>
<recordData>
<record xmlns="http://www.loc.gov/MARC21/slim">
    <leader>00000cam a2200000 a 4500</leader>
    <controlfield tag="001">12944921</controlfield>
    <controlfield tag="008">850614s1985    ne       b    100 0 dut  </controlfield>
    <controlfield tag="009">466</controlfield>
    <datafield ind1=" " ind2=" " tag="010">
      <subfield code="a">   85166835 </subfield>
    </datafield>
    <datafield ind1=" " ind2=" " tag="040">
      <subfield code="a">DLC</subfield>
      <subfield code="c">DLC</subfield>
      <subfield code="d">OCL</subfield>
      <subfield code="d">NLGGC</subfield>
    </datafield>
    <datafield ind1=" " ind2=" " tag="016">
      <subfield code="a">B8516326</subfield>
      <subfield code="2">bccb</subfield>
    </datafield>
    <datafield ind1=" " ind2=" " tag="020">
      <subfield code="a">9023221052 :</subfield>
      <subfield code="c">fl 19.00</subfield>
    </datafield>
    <datafield ind1=" " ind2=" " tag="020">
      <subfield code="a">9789023221050</subfield>
    </datafield>
    <datafield ind1="1" ind2=" " tag="029">
      <subfield code="a">NLGGC</subfield>
      <subfield code="b">850985056</subfield>
    </datafield>
    <datafield ind1="1" ind2=" " tag="029">
      <subfield code="a">NLGGC</subfield>
      <subfield code="b">199841993</subfield>
    </datafield>
    <datafield ind1=" " ind2=" " tag="043">
      <subfield code="a">e-ne---</subfield>
    </datafield>
    <datafield ind1="0" ind2=" " tag="050">
      <subfield code="a">R726</subfield>
      <subfield code="b">.E83 1985</subfield>
    </datafield>
    <datafield ind1=" " ind2=" " tag="084">
      <subfield code="a">08.38</subfield>
      <subfield code="2">bcl</subfield>
    </datafield>
    <datafield ind1=" " ind2=" " tag="084">
      <subfield code="a">86.42</subfield>
      <subfield code="2">bcl</subfield>
    </datafield>
    <datafield ind1=" " ind2=" " tag="084">
      <subfield code="a">44.02</subfield>
      <subfield code="2">bcl</subfield>
    </datafield>
    <datafield ind1="0" ind2="0" tag="245">
      <subfield code="a">Euthanasie, recht en ethiek /</subfield>
      <subfield code="c">J. Elders ... [et al.].</subfield>
    </datafield>
    <datafield ind1=" " ind2=" " tag="260">
      <subfield code="a">Assen :</subfield>
      <subfield code="b">Van Gorcum,</subfield>
      <subfield code="c">1985.</subfield>
    </datafield>
    <datafield ind1=" " ind2=" " tag="300">
      <subfield code="a">84 p. ;</subfield>
      <subfield code="c">22 cm.</subfield>
    </datafield>
    <datafield ind1=" " ind2=" " tag="500">
      <subfield code="a">At head of title: Rijksuniversiteit Limburg, Maastricht.</subfield>
    </datafield>
    <datafield ind1=" " ind2=" " tag="504">
      <subfield code="a">Includes bibliographies.</subfield>
    </datafield>
    <datafield ind1=" " ind2="0" tag="650">
      <subfield code="a">Euthanasia</subfield>
      <subfield code="v">Congresses.</subfield>
    </datafield>
    <datafield ind1=" " ind2="0" tag="650">
      <subfield code="a">Civil rights</subfield>
      <subfield code="v">Congresses.</subfield>
    </datafield>
    <datafield ind1=" " ind2="0" tag="650">
      <subfield code="a">Medical ethics</subfield>
      <subfield code="v">Congresses.</subfield>
    </datafield>
    <datafield ind1=" " ind2="0" tag="650">
      <subfield code="a">Civil rights</subfield>
      <subfield code="z">Netherlands</subfield>
      <subfield code="v">Congresses.</subfield>
    </datafield>
    <datafield ind1="1" ind2="7" tag="650">
      <subfield code="a">Euthanasie.</subfield>
      <subfield code="2">gtt</subfield>
    </datafield>
    <datafield ind1="1" ind2="7" tag="650">
      <subfield code="a">Juridische aspecten.</subfield>
      <subfield code="2">gtt</subfield>
    </datafield>
    <datafield ind1="1" ind2="7" tag="650">
      <subfield code="a">Ethische aspecten.</subfield>
      <subfield code="2">gtt</subfield>
    </datafield>
    <datafield ind1="1" ind2=" " tag="700">
      <subfield code="a">Elders, J. L. M.</subfield>
    </datafield>
    <datafield ind1="2" ind2=" " tag="710">
      <subfield code="a">Rijksuniversiteit Limburg.</subfield>
    </datafield>
  </record>
</recordData>
</record>