
<record>
<recordSchema>info:srw/schema/1/marcxml</recordSchema>
<recordPacking>xml</recordPacking>
<recordData>
<record xmlns="http://www.loc.gov/MARC21/slim">
    <leader>00000cam a2200000Ia 4500</leader>
    <controlfield tag="001">15614832</controlfield>
    <controlfield tag="008">870430s1986    ilu           000 0 eng d</controlfield>
    <datafield ind1=" " ind2=" " tag="040">
      <subfield code="a">NDK</subfield>
      <subfield code="c">NDK</subfield>
      <subfield code="d">OCLCQ</subfield>
    </datafield>
    <datafield ind1=" " ind2="4" tag="050">
      <subfield code="a">R724</subfield>
      <subfield code="b">.A4 1986</subfield>
    </datafield>
    <datafield ind1=" " ind2=" " tag="096">
      <subfield code="a">W50 Am352c 1986</subfield>
    </datafield>
    <datafield ind1="2" ind2=" " tag="110">
      <subfield code="a">American Medical Association.</subfield>
      <subfield code="b">Council on Ethical and Judicial Affairs.</subfield>
    </datafield>
    <datafield ind1="1" ind2="0" tag="245">
      <subfield code="a">Current opinions of the Council on Ethical and Judicial Affairs of the American Medical Association--1986 :</subfield>
      <subfield code="b">including the principles of medical ethics and rules of the Council on Ethical and Judicial Affairs /</subfield>
      <subfield code="c">prepared by the Council on Ethical and Judicial Affairs ; Nancy W. Dickey, Chairman ... [et al.].</subfield>
    </datafield>
    <datafield ind1=" " ind2=" " tag="260">
      <subfield code="a">Chicago, Ill. :</subfield>
      <subfield code="b">The Association,</subfield>
      <subfield code="c">c1986.</subfield>
    </datafield>
    <datafield ind1=" " ind2=" " tag="300">
      <subfield code="a">ix, 52 p. ;</subfield>
      <subfield code="c">26 cm.</subfield>
    </datafield>
    <datafield ind1=" " ind2=" " tag="500">
      <subfield code="a">Earlier eds. prepared by the Judicial Council.</subfield>
    </datafield>
    <datafield ind1=" " ind2="2" tag="650">
      <subfield code="a">Ethics, Medical.</subfield>
    </datafield>
    <datafield ind1="1" ind2=" " tag="700">
      <subfield code="a">Dickey, Nancy W.</subfield>
    </datafield>
    <datafield ind1=" " ind2=" " tag="994">
      <subfield code="a">11</subfield>
      <subfield code="b">OCL</subfield>
      <subfield code="i">04286</subfield>
    </datafield>
  </record>
</recordData>
</record>