
<record>
<recordSchema>info:srw/schema/1/marcxml</recordSchema>
<recordPacking>xml</recordPacking>
<recordData>
<record xmlns="http://www.loc.gov/MARC21/slim">
    <leader>00000cpc a2200000Ma 4500</leader>
    <controlfield tag="001">313829157</controlfield>
    <controlfield tag="008">940712i19701992xx                  eng d</controlfield>
    <datafield ind1=" " ind2=" " tag="040">
      <subfield code="a">MnHi-Ar</subfield>
      <subfield code="e">appm</subfield>
      <subfield code="c">MHS</subfield>
      <subfield code="d">OCLCQ</subfield>
    </datafield>
    <datafield ind1=" " ind2=" " tag="043">
      <subfield code="a">n-us-mn</subfield>
    </datafield>
    <datafield ind1="2" ind2=" " tag="110">
      <subfield code="a">Minnesota News Council.</subfield>
    </datafield>
    <datafield ind1="0" ind2="0" tag="245">
      <subfield code="a">Minnesota News Council records,</subfield>
      <subfield code="f">1970-1992.</subfield>
    </datafield>
    <datafield ind1=" " ind2=" " tag="300">
      <subfield code="a">5.5 cu. ft. (6 boxes).</subfield>
    </datafield>
    <datafield ind1=" " ind2=" " tag="506">
      <subfield code="a">Access to financial records less than ten years old requires written permission.</subfield>
    </datafield>
    <datafield ind1=" " ind2=" " tag="520">
      <subfield code="a">Mediation case files (1971-1990) and various administrative records (1970-1992) documenting the activities of a council established in 1970 by the Minnesota Newspaper Association to mediate disputes between the media and the public. The council consists of twelve media representatives and twelve individual citizens.</subfield>
    </datafield>
    <datafield ind1="8" ind2=" " tag="520">
      <subfield code="b">The few administrative records include minutes, financial records (especially fund raising materials), annual reports, and correspondence. Of particular interest are files (including audio and video tapes) documenting the council's public service announcements program.</subfield>
    </datafield>
    <datafield ind1="8" ind2=" " tag="520">
      <subfield code="b">The majority of the collection consists of mediation case files covering a wide range of complaints against the media including coverage of political matters, the abortion issue, municipal issues, and allegations of unfair media treatment by individuals and businesses.</subfield>
    </datafield>
    <datafield ind1=" " ind2=" " tag="540">
      <subfield code="a">Quotation or publication, beyond the fair use provisions of the copyright law, of anything in or based on the restricted records requires written permission.</subfield>
    </datafield>
    <datafield ind1="0" ind2=" " tag="555">
      <subfield code="a">An inventory that provides additional information about this collection is available in the repository; filed in ALPHA notebooks under the heading: Minnesota News Council.</subfield>
    </datafield>
    <datafield ind1="2" ind2="0" tag="610">
      <subfield code="a">Democratic-Farmer-Labor Party.</subfield>
    </datafield>
    <datafield ind1="2" ind2="0" tag="610">
      <subfield code="a">Minnesota Citizens Concerned for Life.</subfield>
    </datafield>
    <datafield ind1="2" ind2="0" tag="610">
      <subfield code="a">Minnesota Newspaper Association.</subfield>
    </datafield>
    <datafield ind1="2" ind2="0" tag="610">
      <subfield code="a">Minnesota Press Council.</subfield>
    </datafield>
    <datafield ind1="2" ind2="0" tag="610">
      <subfield code="a">Minnesotans Against the Downtown Dome.</subfield>
    </datafield>
    <datafield ind1="2" ind2="0" tag="610">
      <subfield code="a">Hubert H. Humphrey Metrodome (Minneapolis, Minn.).</subfield>
    </datafield>
    <datafield ind1=" " ind2="0" tag="650">
      <subfield code="a">Abortion</subfield>
      <subfield code="z">Minnesota.</subfield>
    </datafield>
    <datafield ind1=" " ind2="0" tag="650">
      <subfield code="a">Broadcasting</subfield>
      <subfield code="z">Minnesota.</subfield>
    </datafield>
    <datafield ind1=" " ind2="0" tag="650">
      <subfield code="a">Freedom of the press</subfield>
      <subfield code="z">Minnesota.</subfield>
    </datafield>
    <datafield ind1=" " ind2="0" tag="650">
      <subfield code="a">Hmong (Asian people)</subfield>
      <subfield code="z">Minnesota</subfield>
      <subfield code="z">Saint Paul.</subfield>
    </datafield>
    <datafield ind1=" " ind2="0" tag="650">
      <subfield code="a">Homosexuality</subfield>
      <subfield code="z">Minnesota.</subfield>
    </datafield>
    <datafield ind1=" " ind2="0" tag="650">
      <subfield code="a">Journalism</subfield>
      <subfield code="z">Minnesota</subfield>
      <subfield code="x">Social aspects.</subfield>
    </datafield>
    <datafield ind1=" " ind2="0" tag="650">
      <subfield code="a">Mass media</subfield>
      <subfield code="z">Minnesota</subfield>
      <subfield code="x">Objectivity.</subfield>
    </datafield>
    <datafield ind1=" " ind2="0" tag="650">
      <subfield code="a">Mass media criticism</subfield>
      <subfield code="z">Minnesota.</subfield>
    </datafield>
    <datafield ind1=" " ind2="0" tag="650">
      <subfield code="a">Newspaper editors</subfield>
      <subfield code="z">Minnesota</subfield>
      <subfield code="x">Professional ethics.</subfield>
    </datafield>
    <datafield ind1=" " ind2="0" tag="650">
      <subfield code="a">Press councils</subfield>
      <subfield code="z">Minnesota.</subfield>
    </datafield>
    <datafield ind1=" " ind2="0" tag="650">
      <subfield code="a">Radio criticism</subfield>
      <subfield code="z">Minnesota.</subfield>
    </datafield>
    <datafield ind1=" " ind2="0" tag="650">
      <subfield code="a">Radio journalism</subfield>
      <subfield code="z">Minnesota.</subfield>
    </datafield>
    <datafield ind1=" " ind2="0" tag="650">
      <subfield code="a">Sports facilities</subfield>
      <subfield code="z">Minnesota</subfield>
      <subfield code="z">Minneapolis.</subfield>
    </datafield>
    <datafield ind1=" " ind2="0" tag="650">
      <subfield code="a">Television and politics</subfield>
      <subfield code="z">Minnesota.</subfield>
    </datafield>
    <datafield ind1=" " ind2="0" tag="650">
      <subfield code="a">Television broadcasting of news</subfield>
      <subfield code="z">Minnesota.</subfield>
    </datafield>
    <datafield ind1=" " ind2="0" tag="650">
      <subfield code="a">Television criticism</subfield>
      <subfield code="z">Minnesota.</subfield>
    </datafield>
    <datafield ind1=" " ind2="0" tag="650">
      <subfield code="a">Journalistic ethics</subfield>
      <subfield code="z">Minnesota.</subfield>
    </datafield>
    <datafield ind1=" " ind2="0" tag="650">
      <subfield code="a">Water</subfield>
      <subfield code="x">Fluoridation</subfield>
      <subfield code="z">Minnesota</subfield>
      <subfield code="z">Brainerd.</subfield>
    </datafield>
    <datafield ind1=" " ind2="0" tag="650">
      <subfield code="a">Press and politics</subfield>
      <subfield code="z">Minnesota.</subfield>
    </datafield>
    <datafield ind1=" " ind2="0" tag="651">
      <subfield code="a">Brainerd (Minn.)</subfield>
    </datafield>
    <datafield ind1=" " ind2="0" tag="651">
      <subfield code="a">Twin Cities Metropolitan Area (Minn.).</subfield>
    </datafield>
    <datafield ind1=" " ind2="7" tag="655">
      <subfield code="a">Audio tapes.</subfield>
      <subfield code="2">aat</subfield>
    </datafield>
    <datafield ind1=" " ind2="7" tag="655">
      <subfield code="a">Video recordings.</subfield>
      <subfield code="2">aat</subfield>
    </datafield>
    <datafield ind1="1" ind2=" " tag="700">
      <subfield code="a">Blodgett, Cameron.</subfield>
    </datafield>
    <datafield ind1="1" ind2=" " tag="700">
      <subfield code="a">Carter, Hodding.</subfield>
    </datafield>
    <datafield ind1="1" ind2=" " tag="700">
      <subfield code="a">Fanning Pamela S.</subfield>
    </datafield>
    <datafield ind1="1" ind2=" " tag="700">
      <subfield code="a">Patterson, Thomas.</subfield>
    </datafield>
    <datafield ind1="1" ind2=" " tag="700">
      <subfield code="a">Salisbury, Harrison Evans,</subfield>
      <subfield code="d">1908-.</subfield>
    </datafield>
    <datafield ind1="1" ind2=" " tag="700">
      <subfield code="a">Westmoreland, William C.</subfield>
      <subfield code="q">(William Childs),</subfield>
      <subfield code="d">1914-2005.</subfield>
    </datafield>
    <datafield ind1=" " ind2=" " tag="851">
      <subfield code="a">Minnesota Historical Society,</subfield>
      <subfield code="c">St. Paul, MN.</subfield>
    </datafield>
    <datafield ind1=" " ind2=" " tag="851">
      <subfield code="a">Location:</subfield>
      <subfield code="e">143.B.10.6F-143.B.10.11B</subfield>
      <subfield code="3">(6 boxes)</subfield>
    </datafield>
    <datafield ind1="4" ind2="2" tag="856">
      <subfield code="3">An electronic version of the inventory for this collection is available at</subfield>
      <subfield code="u">http://www.mnhs.org/library/findaids/00134.xml</subfield>
    </datafield>
  </record>
</recordData>
</record>