
<record>
<recordSchema>info:srw/schema/1/marcxml</recordSchema>
<recordPacking>xml</recordPacking>
<recordData>
<record xmlns="http://www.loc.gov/MARC21/slim">
    <leader>00000nam a2200000Ka 4500</leader>
    <controlfield tag="001">123392379</controlfield>
    <controlfield tag="008">070422s2005    wiu           000 0 eng d</controlfield>
    <datafield ind1=" " ind2=" " tag="040">
      <subfield code="a">WKG</subfield>
      <subfield code="c">WKG</subfield>
    </datafield>
    <datafield ind1="1" ind2=" " tag="100">
      <subfield code="a">Buelow, Sarah.</subfield>
    </datafield>
    <datafield ind1="1" ind2="0" tag="245">
      <subfield code="a">Ethics and compliance in the workplace</subfield>
      <subfield code="h">[microform] /</subfield>
      <subfield code="c">Sarah Buelow.</subfield>
    </datafield>
    <datafield ind1=" " ind2=" " tag="260">
      <subfield code="c">2005.</subfield>
    </datafield>
    <datafield ind1=" " ind2=" " tag="300">
      <subfield code="a">vii, 37 p. :</subfield>
      <subfield code="b">ill.</subfield>
    </datafield>
    <datafield ind1=" " ind2=" " tag="500">
      <subfield code="a">A thesis presented in partial fulfillment of the requirements for the degree of Master of Arts in Clinical Psychology.</subfield>
    </datafield>
    <datafield ind1=" " ind2=" " tag="502">
      <subfield code="a">Thesis (M.A. Clinical Psych.) -- Cardinal Stritch University -- Milwaukee, 2005.</subfield>
    </datafield>
    <datafield ind1=" " ind2=" " tag="504">
      <subfield code="a">Bibliography: p.21-22 .</subfield>
    </datafield>
    <datafield ind1=" " ind2=" " tag="520">
      <subfield code="a">This study examines unethical behavior in the workplace and how unethical activities influence coworkers perception of each other. The results indicated that a worker would be viewed negatively if unethical behavior was reported to the boss.</subfield>
    </datafield>
    <datafield ind1=" " ind2=" " tag="533">
      <subfield code="a">Microfiche.</subfield>
      <subfield code="b">Milwaukee :</subfield>
      <subfield code="c">Integrated Imaging, Inc.,</subfield>
      <subfield code="d">2005.</subfield>
      <subfield code="e">1 microfiche (46 fr.).</subfield>
    </datafield>
    <datafield ind1=" " ind2="0" tag="650">
      <subfield code="a">Work environment.</subfield>
    </datafield>
    <datafield ind1=" " ind2="0" tag="650">
      <subfield code="a">Compliance.</subfield>
    </datafield>
    <datafield ind1=" " ind2="0" tag="650">
      <subfield code="a">Ethics.</subfield>
    </datafield>
    <datafield ind1=" " ind2="0" tag="650">
      <subfield code="a">Work ethic.</subfield>
    </datafield>
  </record>
</recordData>
</record>