
<record>
<recordSchema>info:srw/schema/1/marcxml</recordSchema>
<recordPacking>xml</recordPacking>
<recordData>
<record xmlns="http://www.loc.gov/MARC21/slim">
    <leader>00000nam a2200000 a 4500</leader>
    <controlfield tag="001">165870827</controlfield>
    <controlfield tag="008">070802s2007    quc      b    001 0 eng  </controlfield>
    <controlfield tag="009">161</controlfield>
    <datafield ind1=" " ind2=" " tag="010">
      <subfield code="a">  2008273507</subfield>
    </datafield>
    <datafield ind1=" " ind2=" " tag="040">
      <subfield code="a">NLM</subfield>
      <subfield code="c">NLM</subfield>
      <subfield code="d">NLC</subfield>
      <subfield code="d">BTCTA</subfield>
      <subfield code="d">YDXCP</subfield>
      <subfield code="d">C#P</subfield>
      <subfield code="d">BAKER</subfield>
      <subfield code="d">VP@</subfield>
      <subfield code="d">DLC</subfield>
    </datafield>
    <datafield ind1="7" ind2=" " tag="016">
      <subfield code="a">101467645</subfield>
      <subfield code="2">DNLM</subfield>
    </datafield>
    <datafield ind1=" " ind2=" " tag="016">
      <subfield code="a">2007904929X</subfield>
    </datafield>
    <datafield ind1=" " ind2=" " tag="019">
      <subfield code="a">154782667</subfield>
      <subfield code="a">154782671</subfield>
    </datafield>
    <datafield ind1=" " ind2=" " tag="020">
      <subfield code="a">9780773533509 (bound)</subfield>
    </datafield>
    <datafield ind1=" " ind2=" " tag="020">
      <subfield code="a">0773533508 (bound)</subfield>
    </datafield>
    <datafield ind1=" " ind2=" " tag="020">
      <subfield code="a">9780773533516 (pbk.)</subfield>
    </datafield>
    <datafield ind1=" " ind2=" " tag="020">
      <subfield code="a">0773533516 (pbk.)</subfield>
    </datafield>
    <datafield ind1="0" ind2=" " tag="029">
      <subfield code="a">NLM</subfield>
      <subfield code="b">101467645</subfield>
    </datafield>
    <datafield ind1="1" ind2=" " tag="029">
      <subfield code="a">NLC</subfield>
      <subfield code="b">2007904929X</subfield>
    </datafield>
    <datafield ind1="1" ind2=" " tag="029">
      <subfield code="a">NZ1</subfield>
      <subfield code="b">11612840</subfield>
    </datafield>
    <datafield ind1="1" ind2=" " tag="029">
      <subfield code="a">AU@</subfield>
      <subfield code="b">000043064889</subfield>
    </datafield>
    <datafield ind1=" " ind2=" " tag="042">
      <subfield code="a">nlmcopyc</subfield>
    </datafield>
    <datafield ind1="0" ind2="0" tag="050">
      <subfield code="a">R724</subfield>
      <subfield code="b">.S27 2007</subfield>
    </datafield>
    <datafield ind1="0" ind2="1" tag="055">
      <subfield code="a">R724</subfield>
    </datafield>
    <datafield ind1=" " ind2="0" tag="055">
      <subfield code="a">R724</subfield>
      <subfield code="b">S27 2007</subfield>
    </datafield>
    <datafield ind1="0" ind2="0" tag="055">
      <subfield code="a">R724</subfield>
      <subfield code="b">S28 2007</subfield>
    </datafield>
    <datafield ind1="0" ind2="0" tag="060">
      <subfield code="a">2008 D-736</subfield>
    </datafield>
    <datafield ind1="1" ind2="0" tag="060">
      <subfield code="a">W 50</subfield>
      <subfield code="b">S252e 2007</subfield>
    </datafield>
    <datafield ind1="0" ind2="4" tag="082">
      <subfield code="a">174.2</subfield>
      <subfield code="2">22</subfield>
    </datafield>
    <datafield ind1="1" ind2=" " tag="100">
      <subfield code="a">Sassower, Raphael.</subfield>
    </datafield>
    <datafield ind1="1" ind2="0" tag="245">
      <subfield code="a">Ethical choices in contemporary medicine :</subfield>
      <subfield code="b">integrative bioethics /</subfield>
      <subfield code="c">Raphael Sassower and Mary Ann Cutter.</subfield>
    </datafield>
    <datafield ind1=" " ind2=" " tag="260">
      <subfield code="a">Montreal :</subfield>
      <subfield code="b">McGill-Queen's University Press,</subfield>
      <subfield code="c">c2007.</subfield>
    </datafield>
    <datafield ind1=" " ind2=" " tag="300">
      <subfield code="a">vi, 154 p. ;</subfield>
      <subfield code="c">23 cm.</subfield>
    </datafield>
    <datafield ind1=" " ind2=" " tag="504">
      <subfield code="a">Includes bibliographical references (p. [139]-150) and index.</subfield>
    </datafield>
    <datafield ind1="1" ind2="2" tag="650">
      <subfield code="a">Ethics, Medical.</subfield>
    </datafield>
    <datafield ind1="2" ind2="2" tag="650">
      <subfield code="a">Bioethical Issues.</subfield>
    </datafield>
    <datafield ind1=" " ind2="0" tag="650">
      <subfield code="a">Medical ethics</subfield>
      <subfield code="x">Philosophy.</subfield>
    </datafield>
    <datafield ind1=" " ind2="0" tag="650">
      <subfield code="a">Bioethics</subfield>
      <subfield code="x">Philosophy.</subfield>
    </datafield>
    <datafield ind1=" " ind2="0" tag="650">
      <subfield code="a">Medicine.</subfield>
    </datafield>
    <datafield ind1=" " ind2="6" tag="650">
      <subfield code="a">Éthique médicale</subfield>
      <subfield code="x">Philosophie.</subfield>
    </datafield>
    <datafield ind1=" " ind2="6" tag="650">
      <subfield code="a">Bioéthique</subfield>
      <subfield code="x">Philosophie.</subfield>
    </datafield>
    <datafield ind1=" " ind2="6" tag="650">
      <subfield code="a">Médecine.</subfield>
    </datafield>
    <datafield ind1="1" ind2=" " tag="700">
      <subfield code="a">Cutter, Mary Ann Gardell.</subfield>
    </datafield>
    <datafield ind1="4" ind2="1" tag="856">
      <subfield code="3">Table of contents</subfield>
      <subfield code="u">http://www.loc.gov/catdir/toc/fy0804/2008273507.html</subfield>
    </datafield>
    <datafield ind1=" " ind2=" " tag="938">
      <subfield code="a">Baker and Taylor</subfield>
      <subfield code="b">BTCP</subfield>
      <subfield code="n">BK0007284722</subfield>
    </datafield>
    <datafield ind1=" " ind2=" " tag="938">
      <subfield code="a">Baker &amp; Taylor</subfield>
      <subfield code="b">BKTY</subfield>
      <subfield code="c">22.95</subfield>
      <subfield code="d">22.95</subfield>
      <subfield code="i">0773533516</subfield>
      <subfield code="n">0007284723</subfield>
      <subfield code="s">active</subfield>
    </datafield>
    <datafield ind1=" " ind2=" " tag="938">
      <subfield code="a">Baker &amp; Taylor</subfield>
      <subfield code="b">BKTY</subfield>
      <subfield code="c">80.00</subfield>
      <subfield code="d">80.00</subfield>
      <subfield code="i">0773533508</subfield>
      <subfield code="n">0007284722</subfield>
      <subfield code="s">active</subfield>
    </datafield>
    <datafield ind1=" " ind2=" " tag="938">
      <subfield code="a">YBP Library Services</subfield>
      <subfield code="b">YANK</subfield>
      <subfield code="n">2570217</subfield>
    </datafield>
  </record>
</recordData>
</record>