
<record>
<recordSchema>info:srw/schema/1/marcxml</recordSchema>
<recordPacking>xml</recordPacking>
<recordData>
<record xmlns="http://www.loc.gov/MARC21/slim">
    <leader>00000cam a2200000 a 4500</leader>
    <controlfield tag="001">181898943</controlfield>
    <controlfield tag="007">cr cnu||||||||</controlfield>
    <controlfield tag="008">021022s2002    nyu      b    000 0 eng  </controlfield>
    <controlfield tag="009">161</controlfield>
    <datafield ind1=" " ind2=" " tag="040">
      <subfield code="a">NLM</subfield>
      <subfield code="c">NLM</subfield>
      <subfield code="d">DBI</subfield>
      <subfield code="d">LEO</subfield>
      <subfield code="d">SLU</subfield>
      <subfield code="d">F@N</subfield>
      <subfield code="d">OMP</subfield>
      <subfield code="d">WSL</subfield>
      <subfield code="d">WCM</subfield>
      <subfield code="d">BAKER</subfield>
      <subfield code="d">BTCTA</subfield>
      <subfield code="d">LVB</subfield>
      <subfield code="d">YDXCP</subfield>
      <subfield code="d">GXR</subfield>
      <subfield code="d">LET</subfield>
      <subfield code="d">AU@</subfield>
      <subfield code="d">SINLB</subfield>
    </datafield>
    <datafield ind1="7" ind2=" " tag="016">
      <subfield code="a">101166346</subfield>
      <subfield code="2">DNLM</subfield>
    </datafield>
    <datafield ind1=" " ind2=" " tag="019">
      <subfield code="a">50821979</subfield>
      <subfield code="a">183346027</subfield>
    </datafield>
    <datafield ind1=" " ind2=" " tag="020">
      <subfield code="a">9781586481766</subfield>
    </datafield>
    <datafield ind1=" " ind2=" " tag="020">
      <subfield code="a">1586481762</subfield>
    </datafield>
    <datafield ind1="0" ind2=" " tag="029">
      <subfield code="a">NLM</subfield>
      <subfield code="b">101166346</subfield>
      <subfield code="a">NLM</subfield>
      <subfield code="b">101166346</subfield>
    </datafield>
    <datafield ind1="1" ind2=" " tag="029">
      <subfield code="a">YDXCP</subfield>
      <subfield code="b">1903302</subfield>
    </datafield>
    <datafield ind1="1" ind2=" " tag="029">
      <subfield code="a">NZ1</subfield>
      <subfield code="b">7737609</subfield>
    </datafield>
    <datafield ind1="1" ind2=" " tag="029">
      <subfield code="a">AU@</subfield>
      <subfield code="b">000024633240</subfield>
    </datafield>
    <datafield ind1=" " ind2=" " tag="042">
      <subfield code="a">nlmcopyc</subfield>
    </datafield>
    <datafield ind1=" " ind2=" " tag="043">
      <subfield code="a">n-us---</subfield>
    </datafield>
    <datafield ind1="1" ind2="4" tag="050">
      <subfield code="a">QH442.2</subfield>
      <subfield code="b">.P73 2002</subfield>
    </datafield>
    <datafield ind1="0" ind2="0" tag="060">
      <subfield code="a">2003 B-298</subfield>
    </datafield>
    <datafield ind1="1" ind2="0" tag="060">
      <subfield code="a">QH 442.2</subfield>
      <subfield code="b">P933h 2002</subfield>
    </datafield>
    <datafield ind1=" " ind2=" " tag="074">
      <subfield code="a">0851-J-16</subfield>
    </datafield>
    <datafield ind1="0" ind2="4" tag="082">
      <subfield code="a">176</subfield>
      <subfield code="2">21</subfield>
    </datafield>
    <datafield ind1="0" ind2=" " tag="086">
      <subfield code="a">PR 43.8:B 52/2002023924</subfield>
    </datafield>
    <datafield ind1="0" ind2=" " tag="086">
      <subfield code="a">PR 43.8:B 52/2004020888</subfield>
    </datafield>
    <datafield ind1="2" ind2=" " tag="110">
      <subfield code="a">President's Council on Bioethics (U.S.)</subfield>
    </datafield>
    <datafield ind1="1" ind2="0" tag="245">
      <subfield code="a">Human cloning and human dignity :</subfield>
      <subfield code="b">the report of the President's Council on Bioethics /</subfield>
      <subfield code="c">with a foreword by Leon R. Kass, chairman.</subfield>
    </datafield>
    <datafield ind1="3" ind2="0" tag="246">
    </datafield>
    <datafield ind1="3" ind2="0" tag="246">
      <subfield code="a">Report of the President's Council on Bioethics</subfield>
    </datafield>
    <datafield ind1=" " ind2=" " tag="250">
      <subfield code="a">1st ed.</subfield>
    </datafield>
    <datafield ind1=" " ind2=" " tag="260">
      <subfield code="a">New York :</subfield>
      <subfield code="b">PublicAffairs,</subfield>
      <subfield code="c">c2002.</subfield>
    </datafield>
    <datafield ind1=" " ind2=" " tag="300">
      <subfield code="a">lxii, 350 p. ;</subfield>
      <subfield code="c">21 cm.</subfield>
    </datafield>
    <datafield ind1=" " ind2="0" tag="440">
      <subfield code="a">PublicAffairs reports</subfield>
    </datafield>
    <datafield ind1=" " ind2=" " tag="500">
      <subfield code="a">"Glossary of terms"--P. 267-270.</subfield>
    </datafield>
    <datafield ind1=" " ind2=" " tag="504">
      <subfield code="a">Includes bibliographical references (p. 271-277).</subfield>
    </datafield>
    <datafield ind1=" " ind2=" " tag="530">
      <subfield code="a">Also available online.</subfield>
    </datafield>
    <datafield ind1="0" ind2=" " tag="505">
      <subfield code="a">Letter of transmittal to the President -- Members of the President's Council on Bioethics -- Council staff and consultants -- Preface -- Executive summary -- 1. The meaning of human cloning : an overview -- 2. Historical aspects of cloning -- 3. On terminology -- 4. Scientific background -- 5. The ethics of cloning-to-produce-children -- 6. The ethics of cloning-for-biomedical-research -- 7. Public poilcy options -- 8. Policy recommendations -- Appendix : personal statements.</subfield>
    </datafield>
    <datafield ind1=" " ind2=" " tag="520">
      <subfield code="a">Few avenues of scientific inquiry raise more thorny ethical questions than the cloning of human beings, a radical way to control our DNA. In August 2001, in conjunction with his decision to permit limited federal funding for stem-cell research, President George W. Bush created the President's Council on Bioethics to address the ethical ramifications of biomedical innovation. Over the past year the Council, whose members comprise a team of leading scientists, doctors, ethicists, lawyers, humanists, and theologians, has discussed and debated the pros and cons of cloning, whether in the service of producing children or as an aid to scientific research. The questions the Council members confronted do not have easy answers, and they did not seek to hide their differences behind an artificial consensus. Rather, the Council decided to allow each side to make its own best case, so that the American people can think about and debate these questions, which go to the heart of what it means to be a human being. Just as the dawn of the atomic age created ethical dilemmas for the United States, cloning presents us with similar quandaries that we are sure to wrestle with for decades to come.</subfield>
    </datafield>
    <datafield ind1="1" ind2="2" tag="650">
      <subfield code="a">Cloning, Organism</subfield>
      <subfield code="x">ethics</subfield>
      <subfield code="z">United States.</subfield>
    </datafield>
    <datafield ind1="2" ind2="2" tag="650">
      <subfield code="a">Policy Making</subfield>
      <subfield code="z">United States.</subfield>
    </datafield>
    <datafield ind1="2" ind2="2" tag="650"> 
      <subfield code="a">Terminology as Topic</subfield>
      <subfield code="z">United States.</subfield>
      <subfield code="a">Terminology as Topic</subfield>
      <subfield code="z">United States.</subfield>
    </datafield>
    <datafield ind1=" " ind2="0" tag="650">
      <subfield code="a">Human cloning</subfield>
      <subfield code="x">Moral and ethical aspects</subfield>
      <subfield code="z">United States.</subfield>
    </datafield>
    <datafield ind1=" " ind2="0" tag="650">
      <subfield code="a">Human cloning</subfield>
      <subfield code="x">Government policy</subfield>
      <subfield code="z">United States.</subfield>
    </datafield>
    <datafield ind1=" " ind2="0" tag="650">
      <subfield code="a">Bioethics.</subfield>
    </datafield>
    <datafield ind1=" " ind2="6" tag="650">
      <subfield code="a">Clonage humain</subfield>
      <subfield code="x">Aspect moral</subfield>
      <subfield code="z">États-Unis.</subfield>
    </datafield>
    <datafield ind1=" " ind2="6" tag="650">
      <subfield code="a">Clonage humain</subfield>
      <subfield code="x">Politique gouvernementale</subfield>
      <subfield code="z">États-Unis.</subfield>
    </datafield>
    <datafield ind1=" " ind2="6" tag="650">
      <subfield code="a">Bioéthique</subfield>
      <subfield code="x">Droit.</subfield>
    </datafield>
    <datafield ind1="0" ind2="7" tag="650">
      <subfield code="a">Human cloning</subfield>
      <subfield code="x">Ethical aspects.</subfield>
      <subfield code="2">sears</subfield>
    </datafield>
    <datafield ind1="0" ind2="7" tag="650">
      <subfield code="a">Human cloning</subfield>
      <subfield code="x">Government policy.</subfield>
      <subfield code="2">sears</subfield>
    </datafield>
    <datafield ind1="4" ind2=" " tag="856">
      <subfield code="u">http://purl.access.gpo.gov/GPO/LPS21820</subfield>
    </datafield>
    <datafield ind1="4" ind2="0" tag="856">
      <subfield code="u">http://www.bioethics.gov/reports/cloningreport/fullreport.html</subfield>
    </datafield>
    <datafield ind1=" " ind2=" " tag="938">
      <subfield code="a">Baker and Taylor</subfield>
      <subfield code="b">BTCP</subfield>
      <subfield code="n">bl2003009522</subfield>
    </datafield>
    <datafield ind1=" " ind2=" " tag="938">
      <subfield code="a">YBP Library Services</subfield>
      <subfield code="b">YANK</subfield>
      <subfield code="a">YBP Library Services</subfield>
      <subfield code="b">YANK</subfield>
      <subfield code="n">1903302</subfield>
    </datafield>
    <datafield ind1=" " ind2=" " tag="938">
      <subfield code="a">Baker &amp; Taylor</subfield>
      <subfield code="b">BKTY</subfield>
      <subfield code="c">17.95</subfield>
      <subfield code="d">13.46</subfield>
      <subfield code="i">1586481762</subfield>
      <subfield code="n">0004068444</subfield>
      <subfield code="s">active</subfield>
    </datafield>
  </record>
</recordData>
</record>