
<record>
<recordSchema>info:srw/schema/1/marcxml</recordSchema>
<recordPacking>xml</recordPacking>
<recordData>
<record xmlns="http://www.loc.gov/MARC21/slim">
    <leader>00000cam a2200000 a 4500</leader>
    <controlfield tag="001">37175264</controlfield>
    <controlfield tag="007">cr cnu||||||||</controlfield>
    <controlfield tag="008">970623s1997    mdua     b   f000 0 eng d</controlfield>
    <datafield ind1=" " ind2=" " tag="010">
      <subfield code="a">   97172800 </subfield>
    </datafield>
    <datafield ind1=" " ind2=" " tag="040">
      <subfield code="a">InNd-L</subfield>
      <subfield code="c">DLC</subfield>
      <subfield code="d">XND</subfield>
      <subfield code="d">XBM</subfield>
      <subfield code="d">GPO</subfield>
      <subfield code="d">NLM</subfield>
      <subfield code="d">GPO</subfield>
      <subfield code="d">BTCTA</subfield>
    </datafield>
    <datafield ind1="7" ind2=" " tag="016">
      <subfield code="a">9713013</subfield>
      <subfield code="2">DNLM</subfield>
    </datafield>
    <datafield ind1=" " ind2=" " tag="019">
      <subfield code="a">37241586</subfield>
      <subfield code="a">40233981</subfield>
    </datafield>
    <datafield ind1="1" ind2=" " tag="029">
      <subfield code="a">NLM</subfield>
      <subfield code="b">9713013</subfield>
    </datafield>
    <datafield ind1="1" ind2=" " tag="029">
      <subfield code="a">NZ1</subfield>
      <subfield code="b">4836550</subfield>
    </datafield>
    <datafield ind1="1" ind2=" " tag="029">
      <subfield code="a">AU@</subfield>
      <subfield code="b">000013424765</subfield>
    </datafield>
    <datafield ind1=" " ind2=" " tag="042">
      <subfield code="a">lccopycat</subfield>
    </datafield>
    <datafield ind1=" " ind2=" " tag="043">
      <subfield code="a">n-us---</subfield>
    </datafield>
    <datafield ind1="0" ind2="4" tag="050">
      <subfield code="a">QH442.2</subfield>
      <subfield code="b">.U56 1997</subfield>
    </datafield>
    <datafield ind1="0" ind2="0" tag="060">
      <subfield code="a">1997 H-533</subfield>
    </datafield>
    <datafield ind1="1" ind2="0" tag="060">
      <subfield code="a">QH 442.2</subfield>
      <subfield code="b">U58 1997</subfield>
    </datafield>
    <datafield ind1=" " ind2=" " tag="074">
      <subfield code="a">0766-C-28</subfield>
    </datafield>
    <datafield ind1=" " ind2=" " tag="074">
      <subfield code="a">0766-C-28 (online)</subfield>
    </datafield>
    <datafield ind1="0" ind2="0" tag="082">
      <subfield code="a">174/.957</subfield>
      <subfield code="2">21</subfield>
    </datafield>
    <datafield ind1="0" ind2=" " tag="086">
      <subfield code="a">PREX 1.19:B 52/C 62</subfield>
    </datafield>
    <datafield ind1="0" ind2=" " tag="086">
      <subfield code="a">PrEx 1.19:B 52/C 62</subfield>
    </datafield>
    <datafield ind1="1" ind2=" " tag="110">
      <subfield code="a">United States.</subfield>
      <subfield code="b">National Bioethics Advisory Commission.</subfield>
    </datafield>
    <datafield ind1="1" ind2="0" tag="245">
      <subfield code="a">Cloning human beings :</subfield>
      <subfield code="b">report and recommendations of the National Bioethics Advisory Commission.</subfield>
    </datafield>
    <datafield ind1=" " ind2=" " tag="260">
      <subfield code="a">Rockville, MD :</subfield>
      <subfield code="b">U.S. National Bioethics Advisory Commission,</subfield>
      <subfield code="c">[1997]</subfield>
    </datafield>
    <datafield ind1=" " ind2=" " tag="300">
      <subfield code="a">2 v. :</subfield>
      <subfield code="b">ill. ;</subfield>
      <subfield code="c">28 cm.</subfield>
    </datafield>
    <datafield ind1=" " ind2=" " tag="500">
      <subfield code="a">"June 1997."</subfield>
    </datafield>
    <datafield ind1=" " ind2=" " tag="504">
      <subfield code="a">Includes bibliographical references.</subfield>
    </datafield>
    <datafield ind1="0" ind2=" " tag="505">
      <subfield code="a">v. I. [no distinct title] -- v. II.  Commissioned papers.</subfield>
    </datafield>
    <datafield ind1=" " ind2=" " tag="530">
      <subfield code="a">Also available via the Internet from Bioethics.gov web site. Address as of 9/21/06: http://www.bioethics.gov/reports/past_commissions/nbac_cloning.pdf (Vol.1); http://www.bioethics.gov/reports/past_commissions/nbac_cloning2.pdf (Vol.2); current access available via PURLs.</subfield>
    </datafield>
    <datafield ind1=" " ind2="0" tag="650">
      <subfield code="a">Cloning.</subfield>
    </datafield>
    <datafield ind1=" " ind2="0" tag="650">
      <subfield code="a">Cloning</subfield>
      <subfield code="x">Moral and ethical aspects</subfield>
      <subfield code="z">United States.</subfield>
    </datafield>
    <datafield ind1=" " ind2="0" tag="650">
      <subfield code="a">Genetic engineering.</subfield>
    </datafield>
    <datafield ind1=" " ind2="0" tag="650">
      <subfield code="a">Bioethics.</subfield>
    </datafield>
    <datafield ind1="1" ind2="2" tag="650">
      <subfield code="a">Cloning, Molecular</subfield>
      <subfield code="v">Legislation.</subfield>
    </datafield>
    <datafield ind1="2" ind2="2" tag="650">
      <subfield code="a">Bioethics</subfield>
      <subfield code="v">Legislation.</subfield>
    </datafield>
    <datafield ind1="2" ind2="2" tag="650">
      <subfield code="a">Cell Nucleus</subfield>
      <subfield code="x">transplantation</subfield>
      <subfield code="v">Legislation.</subfield>
    </datafield>
    <datafield ind1="2" ind2="2" tag="650">
      <subfield code="a">Genetic Engineering</subfield>
      <subfield code="v">Legislation.</subfield>
    </datafield>
    <datafield ind1="4" ind2="1" tag="856">
      <subfield code="u">http://www.georgetown.edu/research/nrcbl/nbac/pubs/cloning1/cloning.pdf</subfield>
    </datafield>
    <datafield ind1="4" ind2="1" tag="856">
      <subfield code="3">Vol. 1</subfield>
      <subfield code="u">http://purl.access.gpo.gov/GPO/LPS439</subfield>
    </datafield>
    <datafield ind1="4" ind2="1" tag="856">
      <subfield code="3">Vol. 2</subfield>
      <subfield code="u">http://purl.access.gpo.gov/GPO/LPS74401</subfield>
    </datafield>
    <datafield ind1=" " ind2=" " tag="938">
      <subfield code="a">Baker and Taylor</subfield>
      <subfield code="b">BTCP</subfield>
      <subfield code="n">97172800</subfield>
    </datafield>
  </record>
</recordData>
</record>

</records>
<nextRecordPosition>13</nextRecordPosition>
<resultSetIdleTime/>
<echoedSearchRetrieveRequest xmlns:srw="http://www.loc.gov/zing/srw/">
<version>1.1</version>
<query>((((srw.su="medical" OR srw.su="medicine") AND srw.su="ethics") OR srw.su="bioethics" OR (srw.su="assisted" and srw.su="death") OR (srw.su="assisted" and srw.su="suicide") OR (srw.su="organ" and srw.su="trafficking") OR (srw.su="sale" and srw.su="organs" and srw.su="tissues") OR ((srw.su="ethics" OR srw.su="ethical") AND (srw.su="abortion" OR (srw.su="advance" and srw.su="directives") OR (srw.su="animal" and srw.su="industry") OR (srw.su="animal" and srw.su="research") OR (srw.su="animal" and srw.su="rights") OR (srw.su="animal" and srw.su="welfare") OR srw.su="biodiversity" OR (srw.su="biomedical" and srw.su="engineering") OR srw.su="biotechnology" OR srw.su="biopolitics" OR srw.su="brain" OR srw.su="cancer" OR srw.su="cloning" OR (srw.su="communicable" and srw.su="diseases") OR srw.su="dignity" OR srw.su="disabilities" OR (srw.su="disease" and srw.su="outbreaks") OR (srw.su="disease" and srw.su="transmission") OR srw.su="embryo" OR srw.su="embryonic" OR srw.su="environment" OR srw.su="epidemics" OR srw.su="eugenics" OR srw.su="euthanasia" OR (srw.su="evolutionary" and srw.su="ethics") OR (srw.su="genetic" AND srw.su="disorders") OR (srw.su="genetic" AND srw.su="engineering") OR srw.su="genetics" OR (srw.su="green" AND srw.su="movement") OR (srw.su="health" AND srw.su="policy") OR (srw.su="human" AND srw.su="abnormalities") OR (srw.su="human" AND srw.su="cloning") OR (srw.su="human" AND srw.su="experimentation") OR (srw.su="human" AND srw.su="genome") OR (srw.su="human" AND srw.su="reproductive" AND srw.su="technology") OR (srw.su="human" AND srw.su="rights") OR (srw.su="informed" AND srw.su="consent") OR (srw.su="medical" AND srw.su="care") OR (srw.su="medical" AND srw.su="genetics") OR (srw.su="medical" AND srw.su="innovations") OR (srw.su="medical" AND srw.su="laws" AND srw.su="legislation") OR (srw.su="medical" AND srw.su="philosophy") OR (srw.su="medical" AND srw.su="policy") OR (srw.su="medical" AND srw.su="technology") OR srw.su="medicine" OR srw.su="neuroscience" OR srw.su="nursing" OR (srw.su="patient" AND srw.su="advocacy") OR (srw.su="patient" AND srw.su="rights") OR (srw.su="pharmaceutical" AND srw.su="industry") OR (srw.su="Philosophy" AND srw.su="medical") OR srw.su="prenatal" OR (srw.su="public" AND srw.su="health") OR srw.su="relativism" OR srw.su="reproduction" OR (srw.su="reproductive" AND srw.su="health") OR (srw.su="resuscitation" AND srw.su="orders") OR (srw.su="Right" AND srw.su="life") OR (srw.su="stem" and srw.su="cell") OR (srw.su="technology" AND srw.su="medical") OR srw.su="tissue" OR srw.su="transplant" OR srw.su="transplantation" OR (srw.su="women" AND srw.su="health") OR (srw.su="world" AND srw.su="health")))) NOT srw.su="fiction") not srw.mt="juv"</query>
<maximumRecords>12</maximumRecords>
<recordPacking>xml</recordPacking>
<startRecord>1</startRecord>
<sortKeys>relevance</sortKeys>
<wskey>qgLg3Q48QbEfzMSZHVrurEjx7GNsurp12HOhiEnUJq9o1dmk1UBxxa2DmyoiKA9DNEoRmCx7p9gLTE03</wskey>
<servicelevel>full</servicelevel>
</echoedSearchRetrieveRequest>
</searchRetrieveResponse>
